
@Article{brown:96,
  author = 	 {A.W. Brown and K. C. Wallnau},
  title = 	 {A Framework for Evaluating Software Technology},
  journal = 	 {IEEE Software},
  year = 	 1996,
  volume = 	 13,
  number = 	 5,
  pages = 	 {39-49},
  month = 	 {September}}

@Article{brown:zaharia2010spark,
	title={Spark: Cluster computing with working sets.},
	author={Zaharia, Matei and Chowdhury, Mosharaf and Franklin, Michael J and Shenker, Scott and Stoica, Ion}
}

@book{brown:eadline2015hadoop,
	title={Hadoop 2 Quick-Start Guide: Learn the Essentials of Big Data Computing in the Apache Hadoop 2 Ecosystem},
	author={Eadline, Douglas},
	year={2015},
	publisher={Addison-Wesley Professional}
}

@inproceedings{zaharia2012resilient,
	title={Resilient distributed datasets: A fault-tolerant abstraction for in-memory cluster computing},
	author={Zaharia, Matei and Chowdhury, Mosharaf and Das, Tathagata and Dave, Ankur and Ma, Justin and McCauley, Murphy and Franklin, Michael J and Shenker, Scott and Stoica, Ion},
	booktitle={Proceedings of the 9th USENIX conference on Networked Systems Design and Implementation},
	pages={2--2},
	year={2012},
	organization={USENIX Association}
}

@inproceedings{wang2014characterization,
	title={Characterization and optimization of memory-resident mapreduce on HPC systems},
	author={Wang, Yandong and Goldstone, Robin and Yu, Weikuan and Wang, Teng},
	booktitle={2014 IEEE 28th International Parallel and Distributed Processing Symposium},
	pages={799--808},
	year={2014},
	organization={IEEE}
}
